<?xml version="1.0" encoding="UTF-8"?>
<OAI-PMH xmlns="http://www.openarchives.org/OAI/2.0/" xmlns:xsi="http://www.w3.org/2001/XMLSchema-instance" xsi:schemaLocation="http://www.openarchives.org/OAI/2.0/ http://www.openarchives.org/OAI/2.0/OAI-PMH.xsd">
  <ListRecords>
    <record>
      <header>
        <identifier>aleph-publish:000000003</identifier>
      </header>
      <metadata>
        <record xmlns="http://www.ddb.de/professionell/mabxml/mabxml-1.xsd">
          <leader>00498vM2.01200024------h</leader>
          <controlfield tag="LDR">00498vM2.01200024------h</controlfield>
          <controlfield tag="FMT">MH</controlfield>
          <datafield tag="001" ind1="-" ind2="1">
            <subfield code="a">BT000058404</subfield>
          </datafield>
          <datafield tag="002" ind1="a" ind2="1">
            <subfield code="a">19980622</subfield>
          </datafield>
          <datafield tag="003" ind1="-" ind2="1">
            <subfield code="a">20111013</subfield>
          </datafield>
          <datafield tag="026" ind1="-" ind2="1">
            <subfield code="a">HBZBT000058404</subfield>
          </datafield>
          <controlfield tag="030">a|1uc||||||37</controlfield>
          <datafield tag="037" ind1="b" ind2="1">
            <subfield code="a">ger</subfield>
          </datafield>
          <controlfield tag="050">a|||||||||||||</controlfield>
          <controlfield tag="051">m|||||||</controlfield>
          <datafield tag="070" ind1="-" ind2="1">
            <subfield code="a">HBZ/NWBibOff</subfield>
          </datafield>
          <datafield tag="070" ind1="b" ind2="1">
            <subfield code="a">51</subfield>
          </datafield>
          <datafield tag="078" ind1="n" ind2="1">
            <subfield code="a">NWBib</subfield>
          </datafield>
          <datafield tag="080" ind1="-" ind2="1">
            <subfield code="a">60</subfield>
          </datafield>
          <datafield tag="200" ind1="b" ind2="1">
            <subfield code="g">Lippstadt</subfield>
            <subfield code="9">(DE-588)2018318-5</subfield>
          </datafield>
          <datafield tag="204" ind1="b" ind2="1">
            <subfield code="k">Stadtarchiv</subfield>
            <subfield code="h">Lippstadt</subfield>
            <subfield code="9">(DE-588)2057820-9</subfield>
          </datafield>
          <datafield tag="331" ind1="-" ind2="1">
            <subfield code="a">800 Jahre Lippstadt</subfield>
          </datafield>
          <datafield tag="335" ind1="-" ind2="1">
            <subfield code="a">1185 - 1985</subfield>
          </datafield>
          <datafield tag="359" ind1="-" ind2="1">
            <subfield code="a">[hrsg. von der Stadt Lippstadt. Texte und Bildbeitr.: Stadtarchiv Lippstadt]</subfield>
          </datafield>
          <datafield tag="370" ind1="a" ind2="1">
            <subfield code="a">Achthundert Jahre Lippstadt</subfield>
          </datafield>
          <datafield tag="410" ind1="-" ind2="1">
            <subfield code="a">Lippstadt</subfield>
          </datafield>
          <datafield tag="425" ind1="a" ind2="1">
            <subfield code="a">1985</subfield>
          </datafield>
          <datafield tag="433" ind1="-" ind2="1">
            <subfield code="a">46 S. : zahlr. Ill.</subfield>
          </datafield>
          <datafield tag="700" ind1="n" ind2="1">
            <subfield code="a">99</subfield>
            <subfield code="b">Lippstadt</subfield>
          </datafield>
          <datafield tag="700" ind1="n" ind2="1">
            <subfield code="a">240000</subfield>
          </datafield>
          <controlfield tag="SYS">000000003</controlfield>
          <datafield tag="PKO" ind1="-" ind2="1">
            <subfield code="g">Lippstadt</subfield>
            <subfield code="x">Referat für Presse- und Öffentlichkeitsarbeit</subfield>
            <subfield code="9">(DE-588)2018318-5</subfield>
          </datafield>
          <datafield tag="PKO" ind1="-" ind2="1">
            <subfield code="g">Lippstadt</subfield>
            <subfield code="x">Bürgermeister</subfield>
            <subfield code="9">(DE-588)2018318-5</subfield>
          </datafield>
          <datafield tag="PKO" ind1="-" ind2="1">
            <subfield code="g">Bürgermeister</subfield>
            <subfield code="h">Lippstadt</subfield>
            <subfield code="9">(DE-588)2018318-5</subfield>
          </datafield>
          <datafield tag="PKO" ind1="-" ind2="1">
            <subfield code="g">Lippstadt</subfield>
            <subfield code="x">Rat</subfield>
            <subfield code="9">(DE-588)2018318-5</subfield>
          </datafield>
          <datafield tag="PKO" ind1="-" ind2="1">
            <subfield code="g">Rat</subfield>
            <subfield code="h">Lippstadt</subfield>
            <subfield code="9">(DE-588)2018318-5</subfield>
          </datafield>
          <datafield tag="PKO" ind1="-" ind2="1">
            <subfield code="g">Rat der Stadt Lippstadt</subfield>
            <subfield code="9">(DE-588)2018318-5</subfield>
          </datafield>
          <datafield tag="PKO" ind1="-" ind2="1">
            <subfield code="g">Lippstadt</subfield>
            <subfield code="x">Referat für Presse- und Öffentlichkeitsarbeit</subfield>
            <subfield code="9">(DE-588)2018318-5</subfield>
          </datafield>
          <datafield tag="PKO" ind1="-" ind2="1">
            <subfield code="g">Lippstadt</subfield>
            <subfield code="x">Bürgermeister</subfield>
            <subfield code="9">(DE-588)2018318-5</subfield>
          </datafield>
          <datafield tag="PKO" ind1="-" ind2="1">
            <subfield code="g">Bürgermeister</subfield>
            <subfield code="h">Lippstadt</subfield>
            <subfield code="9">(DE-588)2018318-5</subfield>
          </datafield>
          <datafield tag="PKO" ind1="-" ind2="1">
            <subfield code="g">Lippstadt</subfield>
            <subfield code="x">Rat</subfield>
            <subfield code="9">(DE-588)2018318-5</subfield>
          </datafield>
          <datafield tag="PKO" ind1="-" ind2="1">
            <subfield code="g">Rat</subfield>
            <subfield code="h">Lippstadt</subfield>
            <subfield code="9">(DE-588)2018318-5</subfield>
          </datafield>
          <datafield tag="PKO" ind1="-" ind2="1">
            <subfield code="g">Rat der Stadt Lippstadt</subfield>
            <subfield code="9">(DE-588)2018318-5</subfield>
          </datafield>
          <datafield tag="700" ind1=" " ind2=" ">
            <subfield code="a">LUHL</subfield>
          </datafield>
          <datafield tag="700" ind1=" " ind2=" ">
            <subfield code="a">KARL</subfield>
          </datafield>
          <datafield tag="OWN" ind1=" " ind2=" ">
            <subfield code="a">P0001</subfield>
            <subfield code="n">466</subfield>
          </datafield>
          <datafield tag="655" ind1=" " ind2=" ">
            <subfield code="y">800 [Achthundert] Jahre Lippstadt</subfield>
            <subfield code="t">VIEW</subfield>
            <subfield code="u">http://digitool.hbz-nrw.de:1801/webclient/DeliveryManager?pid=2582417&amp;custom_att_2=simple_viewer</subfield>
          </datafield>
          <datafield tag="TXT" ind1=" " ind2=" ">
            <subfield code="a">TITEL: 800 [ACHTHUNDERT] JAHRE LIPPSTADT AUTOR: JAHR: 1985 800 JAHRE 1185//1985</subfield>
          </datafield>
          <datafield tag="LOC" ind1=" " ind2=" ">
            <subfield code="m">BOOK</subfield>
            <subfield code="a">P0001</subfield>
            <subfield code="b">03</subfield>
            <subfield code="d">SR96</subfield>
            <subfield code="i">01/19140</subfield>
            <subfield code="n">21</subfield>
            <subfield code="k">20020424</subfield>
            <subfield code="5">775762-10</subfield>
          </datafield>
        </record>
      </metadata>
    </record>
  </ListRecords>
</OAI-PMH>
